<?xml version="1.0" encoding="UTF-8"?><collection xmlns="http://www.loc.gov/MARC21/slim"><record><leader>00543nam--2200169-i-4500</leader><controlfield tag="001">000023081</controlfield><controlfield tag="002">20161230</controlfield><controlfield tag="005">20161230201034</controlfield><controlfield tag="008">060222s1000------------r-----000-0-eng-d</controlfield><datafield ind1=" " ind2=" " tag="040"><subfield code="a">IFIN-HH</subfield></datafield><datafield ind1=" " ind2=" " tag="080"><subfield code="a">537.533.3</subfield></datafield><datafield ind1="1" ind2=" " tag="100"><subfield code="a">Grivet, P</subfield></datafield><datafield ind1="1" ind2="0" tag="245"><subfield code="a">Electron optics</subfield><subfield code="b">With the collaboration of m.y. bernard, f. bertein, r. castaing, m. gauzit, a. septier revised by a. septier translated by p.w. hawkes</subfield><subfield code="c">P. grivet</subfield></datafield><datafield ind1=" " ind2=" " tag="260"><subfield code="a">Oxford</subfield><subfield code="b">Pergamon Press</subfield><subfield code="c">1965</subfield></datafield><datafield ind1=" " ind2=" " tag="300"><subfield code="a">X+781P</subfield></datafield><datafield ind1=" " ind2=" " tag="852"><subfield code="a">35427</subfield><subfield code="c">537.533.3</subfield></datafield><datafield ind1=" " ind2=" " tag="CAT"><subfield code="a">Sys</subfield><subfield code="c">20110831</subfield><subfield code="h">164813</subfield></datafield></record></collection>